% This file was created with JabRef 2.4.2.
% Encoding: UTF8

@techreport{BMBF2000,
	address = {Bonn},
	type = {Abschlussbericht},
	title = {Umsetzungshilfen für die neue Prüfungsstruktur der {IT-Berufe}},
	shorttitle = {{BMBF2000}},
	url = {http://fiae.link/UmsetzungshilfenITBerufe},
	author = {{Bundesministerium für Bildung und Forschung}},
	institution = {{Bundesministerium für Bildung und Forschung}},
	month = jul,
	year = {2000},
	pages = {476}
}

@misc{ISO9126,
	title = {{Software-Engineering} – Qualität von {Software-Produkten} – Teil 1: Qualitätsmodell},
	author = {{ISO/IEC 9126-1}},
	month = jun,
	year = {2001}
}

@BOOKLET{ModelViewController,
  title = {{Model View Controller - Wikipedia}},
  author = {{Wikipedia}},
  lastchecked = {28.05.2016},
  year = {2016},
  timestamp = {2016.05.28},
  url = {https://de.wikipedia.org/wiki/Model_View_Controller}
}

@BOOKLET{phpDoc,
  title = {{phpDocumentor-Website}},
  author = {{phpdoc.org}},
  lastchecked = {28.05.2016},
  year = {2016},
  timestamp = {2016.05.28},
  url = {http://www.listjs.com/}
}

@BOOKLET{List.js,
  title = {{List.js Website}},
  author = {{Jonny Strömberg}},
  lastchecked = {28.05.2016},
  year = {2016},
  timestamp = {2016.05.28},
  url = {http://www.phpdoc.org/}
}

@BOOKLET{Bootstrap,
  title = {Bootstrap Website},
  author = {{Bootstrap Team}},
  lastchecked = {29.05.2016},
  year = {2016},
  timestamp = {2016.05.29},
  url = {http://getbootstrap.com/}
}
